@article{vitalik2022,
    author  = "E. Glen Weyl and Puja Ohlhaver and Vitalik Buterin",
    title   = "Decentralized Society: Finding Web3's Soul",
    year    = "2022",
    journal = "SSRN"
},
@article{zksbt,
    author  = "Miquel Cabot",
    title   = "Masa zkSBT",
    year    = "2023",
    journal = "https://github.com/masa-finance/masa-sbt-zkp"
},
@article{linkingsouls,
    author  = "Taotao Wang and Shengli Zhang and Soung Chang Liew",
    title   = "Linking Souls to Humans with ZKBID: Accountable Anonymous Blockchain Accounts for Web 3.0 Decentralized Identity",
    year    = "2023",
    journal = "arXiv:2301.02102v2"
},
@article{zokrates,
    author  = "ZoKrates",
    title   = "ZoKrates; zkSNARKs on Ethereum",
    year    = "2023",
    journal = "https://zokrates.github.io/introduction.html"
},
@article{circom,
    author  = "Circom 2.0",
    title   = "Efficient circuit framework for programmable zero-knowledge",
    year    = "2023",
    journal = "https://github.com/iden3/circom"
},
@article{polygon,
    author  = "Etherscan",
    title = "Etherscan",
    year = "2023",
    journal = "https://polygonscan.com/tx/0xe94f1db1c6fcbadadbf6d146dab2d039c8378f64566a4d575e9901c090359eb2"
},
@article{polygon-multisig,
    author  = "Etherscan",
    title = "Masa Polygon Multi-sig Wallet",
    year = "2023",
    journal = " https://polygonscan.com/address/0x3ce0aa6b475e3b9b9eb64c10e1409c0b3ff37153"
},
@article{cli,
    author  = "Masa",
    title = "Masa CLI",
    year = "2023",
    journal = "https://developers.masa.finance/docs/developers/cli/"
},
@article{chainlink,
    author  = "Chainlink",
    title = "Chainlink 2.0: Next Steps in the Evolution of Decentralized Oracle Networks",
    year = "2023",
    journal = "Chainlink"
},
@article{eip4337,
    author  = "Vitalik Buterin and Yoav Weiss and Kristof Gazso and Namra Patel and Dror Tirosh and Shahaf Nacson and Tjaden Hess",
    title = "Account Abstraction Using Alt Mempool",
    year = "2019",
    journal = "GitHub"
}



